[gd_scene load_steps=4 format=3 uid="uid://u0uawd8mwsd6"]

[ext_resource type="Shader" path="res://game/src/menus/pause_blur.gdshader" id="1_ap880"]
[ext_resource type="Script" path="res://game/src/menus/in_game_menu.gd" id="2_vkr88"]

[sub_resource type="ShaderMaterial" id="ShaderMaterial_sqfdb"]
shader = ExtResource("1_ap880")
shader_parameter/blur = 0.7
shader_parameter/brightness = 0.7

[node name="InGameMenu" type="ColorRect"]
process_mode = 2
top_level = true
material = SubResource("ShaderMaterial_sqfdb")
anchors_preset = 15
anchor_right = 1.0
anchor_bottom = 1.0
grow_horizontal = 2
grow_vertical = 2
script = ExtResource("2_vkr88")

[node name="CenterContainer" type="CenterContainer" parent="."]
layout_mode = 1
anchors_preset = 15
anchor_right = 1.0
anchor_bottom = 1.0
grow_horizontal = 2
grow_vertical = 2

[node name="PanelContainer" type="PanelContainer" parent="CenterContainer"]
layout_mode = 2

[node name="MarginContainer" type="MarginContainer" parent="CenterContainer/PanelContainer"]
layout_mode = 2
theme_override_constants/margin_left = 10
theme_override_constants/margin_top = 10
theme_override_constants/margin_right = 10
theme_override_constants/margin_bottom = 10

[node name="Home" type="VBoxContainer" parent="CenterContainer/PanelContainer/MarginContainer"]
layout_mode = 2

[node name="Label" type="Label" parent="CenterContainer/PanelContainer/MarginContainer/Home"]
layout_mode = 2
horizontal_alignment = 1
vertical_alignment = 1

[node name="HSeparator" type="HSeparator" parent="CenterContainer/PanelContainer/MarginContainer/Home"]
layout_mode = 2

[node name="FirstButton" type="Button" parent="CenterContainer/PanelContainer/MarginContainer/Home"]
layout_mode = 2
focus_neighbor_top = NodePath("../Quit")

[node name="SelectLevel" type="Button" parent="CenterContainer/PanelContainer/MarginContainer/Home"]
layout_mode = 2
text = "Select Level"

[node name="Quit" type="Button" parent="CenterContainer/PanelContainer/MarginContainer/Home"]
layout_mode = 2
focus_neighbor_bottom = NodePath("../FirstButton")
text = "Quit"
