[gd_scene load_steps=29 format=3 uid="uid://ctsip0tv2xywj"]

[ext_resource type="Texture2D" uid="uid://bc2ew3jsg6no4" path="res://game/assets/effects/jump_diagonal.png" id="1_5atjs"]
[ext_resource type="Texture2D" uid="uid://b6ykibjg870si" path="res://game/assets/effects/jump_vertical.png" id="1_udsam"]
[ext_resource type="Texture2D" uid="uid://b6w8ghjg8dxww" path="res://game/assets/effects/double_jump.png" id="2_3etau"]
[ext_resource type="Script" path="res://game/src/effects/jump.gd" id="2_ekt3b"]
[ext_resource type="Texture2D" uid="uid://cgskjwrvquajb" path="res://game/assets/effects/wave_dash.png" id="3_10ws6"]
[ext_resource type="Texture2D" uid="uid://bx13687euo0f1" path="res://game/assets/effects/wave_dash_vertical.png" id="4_5lmq2"]

[sub_resource type="AtlasTexture" id="AtlasTexture_yh81w"]
atlas = ExtResource("1_5atjs")
region = Rect2(0, 0, 16, 16)

[sub_resource type="AtlasTexture" id="AtlasTexture_7pqc0"]
atlas = ExtResource("1_5atjs")
region = Rect2(16, 0, 16, 16)

[sub_resource type="AtlasTexture" id="AtlasTexture_1asx2"]
atlas = ExtResource("1_5atjs")
region = Rect2(32, 0, 16, 16)

[sub_resource type="AtlasTexture" id="AtlasTexture_7cxfe"]
atlas = ExtResource("1_5atjs")
region = Rect2(48, 0, 16, 16)

[sub_resource type="AtlasTexture" id="AtlasTexture_8qujn"]
atlas = ExtResource("2_3etau")
region = Rect2(0, 0, 32, 32)

[sub_resource type="AtlasTexture" id="AtlasTexture_bbmui"]
atlas = ExtResource("2_3etau")
region = Rect2(32, 0, 32, 32)

[sub_resource type="AtlasTexture" id="AtlasTexture_mdtgw"]
atlas = ExtResource("2_3etau")
region = Rect2(64, 0, 32, 32)

[sub_resource type="AtlasTexture" id="AtlasTexture_6ijhu"]
atlas = ExtResource("2_3etau")
region = Rect2(96, 0, 32, 32)

[sub_resource type="AtlasTexture" id="AtlasTexture_p7hjy"]
atlas = ExtResource("2_3etau")
region = Rect2(128, 0, 32, 32)

[sub_resource type="AtlasTexture" id="AtlasTexture_mf3i4"]
atlas = ExtResource("1_udsam")
region = Rect2(0, 0, 16, 16)

[sub_resource type="AtlasTexture" id="AtlasTexture_8mbi0"]
atlas = ExtResource("1_udsam")
region = Rect2(16, 0, 16, 16)

[sub_resource type="AtlasTexture" id="AtlasTexture_f4sve"]
atlas = ExtResource("1_udsam")
region = Rect2(32, 0, 16, 16)

[sub_resource type="AtlasTexture" id="AtlasTexture_yqtoy"]
atlas = ExtResource("1_udsam")
region = Rect2(48, 0, 16, 16)

[sub_resource type="AtlasTexture" id="AtlasTexture_f3q1j"]
atlas = ExtResource("3_10ws6")
region = Rect2(0, 0, 32, 16)

[sub_resource type="AtlasTexture" id="AtlasTexture_dnj5t"]
atlas = ExtResource("3_10ws6")
region = Rect2(32, 0, 32, 16)

[sub_resource type="AtlasTexture" id="AtlasTexture_713iv"]
atlas = ExtResource("3_10ws6")
region = Rect2(64, 0, 32, 16)

[sub_resource type="AtlasTexture" id="AtlasTexture_l2elo"]
atlas = ExtResource("3_10ws6")
region = Rect2(96, 0, 32, 16)

[sub_resource type="AtlasTexture" id="AtlasTexture_0a5at"]
atlas = ExtResource("4_5lmq2")
region = Rect2(0, 0, 32, 32)

[sub_resource type="AtlasTexture" id="AtlasTexture_sfa6m"]
atlas = ExtResource("4_5lmq2")
region = Rect2(32, 0, 32, 32)

[sub_resource type="AtlasTexture" id="AtlasTexture_hedyq"]
atlas = ExtResource("4_5lmq2")
region = Rect2(64, 0, 32, 32)

[sub_resource type="AtlasTexture" id="AtlasTexture_ljeeg"]
atlas = ExtResource("4_5lmq2")
region = Rect2(96, 0, 32, 32)

[sub_resource type="SpriteFrames" id="SpriteFrames_q0d3u"]
animations = [{
"frames": [{
"duration": 1.0,
"texture": SubResource("AtlasTexture_yh81w")
}, {
"duration": 1.0,
"texture": SubResource("AtlasTexture_7pqc0")
}, {
"duration": 1.0,
"texture": SubResource("AtlasTexture_1asx2")
}, {
"duration": 1.5,
"texture": SubResource("AtlasTexture_7cxfe")
}],
"loop": false,
"name": &"diagonal",
"speed": 15.0
}, {
"frames": [{
"duration": 1.0,
"texture": SubResource("AtlasTexture_8qujn")
}, {
"duration": 1.0,
"texture": SubResource("AtlasTexture_bbmui")
}, {
"duration": 1.0,
"texture": SubResource("AtlasTexture_mdtgw")
}, {
"duration": 1.0,
"texture": SubResource("AtlasTexture_6ijhu")
}, {
"duration": 1.0,
"texture": SubResource("AtlasTexture_p7hjy")
}],
"loop": false,
"name": &"double_jump",
"speed": 20.0
}, {
"frames": [{
"duration": 1.0,
"texture": SubResource("AtlasTexture_mf3i4")
}, {
"duration": 1.0,
"texture": SubResource("AtlasTexture_8mbi0")
}, {
"duration": 1.0,
"texture": SubResource("AtlasTexture_f4sve")
}, {
"duration": 1.5,
"texture": SubResource("AtlasTexture_yqtoy")
}],
"loop": false,
"name": &"vertical",
"speed": 15.0
}, {
"frames": [{
"duration": 1.0,
"texture": SubResource("AtlasTexture_f3q1j")
}, {
"duration": 1.0,
"texture": SubResource("AtlasTexture_dnj5t")
}, {
"duration": 1.0,
"texture": SubResource("AtlasTexture_713iv")
}, {
"duration": 1.5,
"texture": SubResource("AtlasTexture_l2elo")
}],
"loop": false,
"name": &"wave_dash",
"speed": 15.0
}, {
"frames": [{
"duration": 1.0,
"texture": SubResource("AtlasTexture_0a5at")
}, {
"duration": 1.0,
"texture": SubResource("AtlasTexture_sfa6m")
}, {
"duration": 1.0,
"texture": SubResource("AtlasTexture_hedyq")
}, {
"duration": 1.5,
"texture": SubResource("AtlasTexture_ljeeg")
}],
"loop": false,
"name": &"wave_dash_vertical",
"speed": 15.0
}]

[node name="JumpVertical" type="AnimatedSprite2D"]
sprite_frames = SubResource("SpriteFrames_q0d3u")
animation = &"diagonal"
script = ExtResource("2_ekt3b")
