[gd_scene load_steps=13 format=3 uid="uid://bm46khsrek8tb"]

[ext_resource type="Texture2D" uid="uid://ddtlcjka67ark" path="res://game/assets/effects/wall_jump.png" id="1_mnk5v"]
[ext_resource type="Texture2D" uid="uid://wu2f2mlmr0lr" path="res://game/assets/effects/wall_jump_vertical.png" id="2_h21wy"]
[ext_resource type="Script" path="res://game/src/effects/wall_jump.gd" id="2_u86xn"]

[sub_resource type="AtlasTexture" id="AtlasTexture_rpybe"]
atlas = ExtResource("1_mnk5v")
region = Rect2(0, 0, 16, 32)

[sub_resource type="AtlasTexture" id="AtlasTexture_7eb7m"]
atlas = ExtResource("1_mnk5v")
region = Rect2(16, 0, 16, 32)

[sub_resource type="AtlasTexture" id="AtlasTexture_wr6jx"]
atlas = ExtResource("1_mnk5v")
region = Rect2(32, 0, 16, 32)

[sub_resource type="AtlasTexture" id="AtlasTexture_52u7r"]
atlas = ExtResource("1_mnk5v")
region = Rect2(48, 0, 16, 32)

[sub_resource type="AtlasTexture" id="AtlasTexture_8num8"]
atlas = ExtResource("2_h21wy")
region = Rect2(0, 0, 16, 32)

[sub_resource type="AtlasTexture" id="AtlasTexture_b2jc5"]
atlas = ExtResource("2_h21wy")
region = Rect2(16, 0, 16, 32)

[sub_resource type="AtlasTexture" id="AtlasTexture_cin0b"]
atlas = ExtResource("2_h21wy")
region = Rect2(32, 0, 16, 32)

[sub_resource type="AtlasTexture" id="AtlasTexture_7xagt"]
atlas = ExtResource("2_h21wy")
region = Rect2(48, 0, 16, 32)

[sub_resource type="SpriteFrames" id="SpriteFrames_eomfx"]
animations = [{
"frames": [{
"duration": 1.0,
"texture": SubResource("AtlasTexture_rpybe")
}, {
"duration": 1.0,
"texture": SubResource("AtlasTexture_7eb7m")
}, {
"duration": 1.0,
"texture": SubResource("AtlasTexture_wr6jx")
}, {
"duration": 1.5,
"texture": SubResource("AtlasTexture_52u7r")
}],
"loop": false,
"name": &"diagonal",
"speed": 15.0
}, {
"frames": [{
"duration": 1.0,
"texture": SubResource("AtlasTexture_8num8")
}, {
"duration": 1.0,
"texture": SubResource("AtlasTexture_b2jc5")
}, {
"duration": 1.0,
"texture": SubResource("AtlasTexture_cin0b")
}, {
"duration": 1.5,
"texture": SubResource("AtlasTexture_7xagt")
}],
"loop": false,
"name": &"vertical",
"speed": 15.0
}]

[node name="WallJump" type="AnimatedSprite2D"]
sprite_frames = SubResource("SpriteFrames_eomfx")
animation = &"vertical"
script = ExtResource("2_u86xn")
